@article{albert1934certain,
    author = {Albert, A Adrian},
    journal = {Annals of Mathematics},
    pages = {65--73},
    publisher = {JSTOR},
    title = {On a certain algebra of quantum mechanics},
    year = {1934}
}

@book{alfsen2012geometry,
    author = {Alfsen, Erik M and Shultz, Frederic W},
    doi = {10.1007/978-1-4612-0019-2},
    publisher = {Springer Science \& Business Media},
    title = {Geometry of state spaces of operator algebras},
    year = {2012}
}

@book{alfsen2012state,
    author = {Alfsen, Erik M and Shultz, Frederik W},
    doi = {10.1007/978-1-4612-0147-2},
    publisher = {Springer Science \& Business Media},
    title = {State spaces of operator algebras: basic theory, orientations, and C*-products},
    year = {2012}
}


@article{barnum2014local,
    author = {Barnum, Howard and Wilce, Alexander},
    doi = {10.1007/s10701-014-9777-1},
    journal = {Foundations of Physics},
    number = {2},
    pages = {192--212},
    publisher = {Springer},
    title = {Local tomography and the Jordan structure of quantum theory},
    volume = {44},
    year = {2014}
}

@article{barnum2016composites,
    author = {Barnum, Howard and Graydon, Matthew and Wilce, Alexander},
    journal = {arXiv preprint arXiv:1606.09331},
    link = {https://arxiv.org/abs/1606.09331},
    title = {Composites and categories of euclidean Jordan algebras},
    year = {2016}
}

@article{chu2017infinite,
    author = {Chu, Cho-Ho},
    doi = {10.1016/j.jalgebra.2017.08.017},
    journal = {Journal of Algebra},
    pages = {357--371},
    publisher = {Elsevier},
    title = {Infinite dimensional Jordan algebras and symmetric cones},
    volume = {491},
    year = {2017}
}

@book{chu2011jordan,
  title={Jordan structures in geometry and analysis},
  author={Chu, Cho-Ho},
  volume={190},
  year={2011},
  publisher={Cambridge University Press}
}

@book{mccrimmon2006taste,
  title={A taste of Jordan algebras},
  author={McCrimmon, Kevin},
  year={2006},
  publisher={Springer Science \& Business Media}
}
@book{faraut1994analysis,
    author = {Faraut, Jacques and Kor{\'a}nyi, Adam},
    publisher = {Clarendon Press Oxford},
    title = {Analysis on symmetric cones},
    year = {1994}
}

@article{gunson1967algebraic,
    author = {Gunson, Jack},
    doi = {10.1007/BF01646019},
    journal = {Communications in mathematical physics},
    number = {4},
    pages = {262--285},
    publisher = {Springer},
    title = {On the algebraic structure of quantum mechanics},
    volume = {6},
    year = {1967}
}

@article{hanche1983structure,
    author = {Hanche-Olsen, Harald},
    doi = {10.4153/CJM-1983-059-8},
    journal = {Can. J. Math},
    number = {6},
    pages = {1059--1074},
    title = {On the structure and tensor products of JC-algebras},
    volume = {35},
    year = {1983}
}

@book{hanche1984jordan,
    author = {Hanche-Olsen, Harald and St{\o}rmer, Erling},
    publisher = {Pitman Advanced Pub. Program},
    title = {Jordan operator algebras},
    volume = {21},
    year = {1984}
}

@book{jordan1933,
    author = {Jordan, Pascual},
    publisher = {Weidmann},
    title = {{\"U}ber verallgemeinerungsm{\"o}glichkeiten des formalismus der quantenmechanik},
    year = {1933}
}

@incollection{jordan1993algebraic,
    author = {Jordan, Pascual and von Neumann, John and Wigner, Eugene P},
    booktitle = {The Collected Works of Eugene Paul Wigner},
    doi = {10.1007/978-3-662-02781-3\_21},
    pages = {298--333},
    publisher = {Springer},
    title = {On an algebraic generalization of the quantum mechanical formalism},
    year = {1993}
}

@article{koecher1957positivitatsbereiche,
    author = {Koecher, Max},
    journal = {American Journal of Mathematics},
    pages = {575--596},
    publisher = {JSTOR},
    title = {Positivitatsbereiche im $R^n$},
    year = {1957}
}

@article{mccrimmon1966general,
    author = {McCrimmon, Kevin},
    doi = {10.1073/pnas.56.4.1072},
    journal = {Proceedings of the National Academy of Sciences},
    number = {4},
    pages = {1072--1079},
    publisher = {National Acad Sciences},
    title = {A general theory of Jordan rings},
    volume = {56},
    year = {1966}
}